|0000|014|0|01072020|31072020|Contribuinte|72401067000149||RJ|12096976|3304557|||A|1|
|0001|0|
|0150|001|Partipante Pessoa Física|1058||93695836024||3304557||Rua Teste|1|cs 1|Teste|
|0150|002|Participante Pessoa Juridica|1058|54265418000150|||1506401||Rua Abx|1|APTO 1||
|0190|UN|UNIDADE|
|0190|CX|Caixa 12|
|0200|001|Produto 1|000001||UN|00|04021010||||||
|0220|UN|12|
|0200|002|Produto 2|||UN|00|||||||
|0990|10|
|B001|1|
|B990|2|
|C001|1|
|C990|2|
|D001|1|
|D990|2|
|E001|1|
|E990|2|
|G001|1|
|G990|2|
|H001|1|
|H990|2|
|K001|1|
|K990|2|
|1001|1|
|1990|2|
|9001|0|
|9900|0000|1|
|9900|0001|1|
|9900|0150|2|
|9900|0190|2|
|9900|0200|2|
|9900|0220|1|
|9900|0990|1|
|9900|B001|1|
|9900|B990|1|
|9900|C001|1|
|9900|C990|1|
|9900|D001|1|
|9900|D990|1|
|9900|E001|1|
|9900|E990|1|
|9900|G001|1|
|9900|G990|1|
|9900|H001|1|
|9900|H990|1|
|9900|K001|1|
|9900|K990|1|
|9900|1001|1|
|9900|1990|1|
|9900|9001|1|
|9900|9990|1|
|9900|9999|1|
|9900|9900|27|
|9990|30|
|9999|56|
